<?xml version="1.0" encoding="UTF-8"?><record xmlns="http://www.loc.gov/MARC21/slim" xmlns:cinclude="http://apache.org/cocoon/include/1.0" xmlns:zs="http://www.loc.gov/zing/srw/">
  <leader>00603nz  a2200145n  4500</leader>
  <controlfield tag="001">no2003030886</controlfield>
  <controlfield tag="003">DLC</controlfield>
  <controlfield tag="005">20030329071026.0</controlfield>
  <controlfield tag="008">030328n| acannaabn          |n aaa     c</controlfield>
  <datafield tag="010" ind1=" " ind2=" ">
    <subfield code="a">no2003030886</subfield>
  </datafield>
  <datafield tag="035" ind1=" " ind2=" ">
    <subfield code="a">(OCoLC)oca06010722</subfield>
  </datafield>
  <datafield tag="040" ind1=" " ind2=" ">
    <subfield code="a">MBU-T</subfield>
    <subfield code="b">eng</subfield>
    <subfield code="c">MBU-T</subfield>
  </datafield>
  <datafield tag="100" ind1="1" ind2=" ">
    <subfield code="a">Beebe, Lyle J.</subfield>
  </datafield>
  <datafield tag="670" ind1=" " ind2=" ">
    <subfield code="a">New Testament in Tai Lu, 1933:</subfield>
    <subfield code="b">bookplate (translated by Lyle J. Beebe)</subfield>
  </datafield>
  <datafield tag="670" ind1=" " ind2=" ">
    <subfield code="a">Book of a thousand tongues, 1972:</subfield>
    <subfield code="b">p. 260 (#749: LuĚ: New Testament, 1933, translated by Mr. and Mrs. Lyle J. Beebe, American Presbyterian missionaries, aided by Kru Myang, Cha Suh Phommah, Nan Tanawadi, and Cha Sincha)</subfield>
  </datafield>
</record>